@article{LHC,
      author         = "Evans, Lyndon and Bryant, Philip",
      editor         = "Evans, Lyndon",
      title          = "{LHC Machine}",
      journal        = "JINST",
      volume         = "3",
      pages          = "S08001",
      doi            = "10.1088/1748-0221/3/08/S08001",
      year           = "2008",
}


@article{Khachatryan:1957133,
      author        = {{CMS Collaboration}},
      title         = "{Study of vector boson scattering and search for new
                       physics in events with two same-sign leptons and two jets}",
      journal       = "Phys. Rev. Lett.",
      collaboration = "CMS Collaboration",
      number        = "arXiv:1410.6315. CMS-SMP-13-015. CERN-PH-EP-2014-250",
      volume        = "114",
      pages         = "051801. 27 p",
      month         = "Oct",
      year          = "2014",
      reportNumber  = "arXiv:1410.6315",
      url           = "https://cds.cern.ch/record/1957133",
      note          = "Replaced with published version. Added journal reference
                       and DOI",
}

@article{ATLAS,
	author        = {{ATLAS Collaboration}},
	title         = "{The ATLAS Experiment at the CERN Large Hadron Collider}",
	journal       = "J. Instrum.",
	collaboration = "ATLAS",
	volume        = "3",
	pages         = "S08003. 437 p",
	year          = "2008",
	url           = "https://cds.cern.ch/record/1129811",
}
@article{ATLAS:2014wra,
author        = {{ATLAS Collaboration}},
title          = "{Search for new particles in events with one lepton and missing transverse momentum in $pp$ collisions at $\sqrt{s}$ = 8 TeV with the ATLAS detector}",
collaboration  = "ATLAS",
journal        = "JHEP",
volume         = "09",
year           = "2014",
pages          = "037",
doi            = "10.1007/JHEP09(2014)037",
eprint         = "1407.7494",
archivePrefix  = "arXiv",
primaryClass   = "hep-ex",
reportNumber   = "CERN-PH-EP-2014-139",
SLACcitation   = "%%CITATION = ARXIV:1407.7494;%%"
}

@article{Arnison:142059,
      author        = "Arnison, G and others",
      title         = "{Experimental observation of isolated large transverse energy electrons with associated missing energy at $\sqrt{s} = 540 GeV$}",
      journal       = "Phys. Lett. B",
      collaboration = "Aachen-Annecy-Birmingham-CERN-Helsinki-London(QMC)-Paris(CdF)-Riverside-Rome-Rutherford-Saclay(CEN)-Vienna Collaboration",
      number        = "CERN-EP-83-13",
      volume        = "122",
      pages         = "103-116. 31 p",
      month         = "Jan",
      year          = "1983",
      url           = "https://cds.cern.ch/record/142059", 
}
@article{Aad:1749694,
	author        = {{ATLAS Collaboration}},
	title         = "{Performance of the ATLAS muon trigger in pp collisions at $\sqrt{s}=$8 TeV}",
	journal       = "Eur. Phys. J. C",
	collaboration = "ATLAS",
	number        = "arXiv:1408.3179. CERN-PH-EP-2014-154",
	pages         = "75. 19 p",
	month         = "Aug",
	year          = "2014",
	reportNumber  = "arXiv:1408.3179",
	url           = "https://cds.cern.ch/record/1749694",
}



@article{PDG:2014,
	author         = "Olive, K.A. and others",
	title          = "{Review of Particle Physics}",
	collaboration  = "Particle Data Group",
	journal        = "Chin.Phys.",
	volume         = "C38",
	pages          = "090001",
	doi            = "10.1088/1674-1137/38/9/090001",
	year           = "2014",
	SLACcitation   = "%%CITATION = CHPHD,C38,090001;%%",
}


@Article{Glashow:1961tr,
     author    = "Glashow, S. L.",
     title     = "{Partial Symmetries of Weak Interactions}",
     journal   = "Nucl. Phys.",
     volume    = "22",
     year      = "1961",
     pages     = "579-588",
     doi       = "10.1016/0029-5582(61)90469-2",
     SLACcitation  = "%%CITATION = NUPHA,22,579;%%"
}

@Article{Weinberg:1967tq,
     author    = "Weinberg, Steven",
     title     = "{A Model of Leptons}",
     journal   = "Phys. Rev. Lett.",
     volume    = "19",
     year      = "1967",
     pages     = "1264-1266",
     doi       = "10.1103/PhysRevLett.19.1264",
     SLACcitation  = "%%CITATION = PRLTA,19,1264;%%"
}

@Book{sm_salam,
  author =       "A. Salam",
  title =        "in Elementary Particle Theory",
  pages = "p. 367",
  publisher =    "Alm\-qvist and Wiksell",
  address =      "Stockholm",
  year =         1968
}


@article{Aad:2014zda,
      author        = {{ATLAS Collaboration}},
      title          = "{Evidence for Electroweak Production of
                        $W^{\pm}W^{\pm}jj$ in $pp$ Collisions at $\sqrt{s}=8$ TeV
                        with the ATLAS Detector}",
      collaboration  = "ATLAS",
      journal        = "Phys.Rev.Lett.",
      number         = "14",
      volume         = "113",
      pages          = "141803",
      doi            = "10.1103/PhysRevLett.113.141803",
      year           = "2014",
      eprint         = "1405.6241",
      archivePrefix  = "arXiv",
      primaryClass   = "hep-ex",
      reportNumber   = "CERN-PH-EP-2014-079",
      SLACcitation   = "%%CITATION = ARXIV:1405.6241;%%",
}


@article{Binoth:2006mf,
      author         = "Binoth, T. and Ciccolini, M. and Kauer, N. and Kramer,
                        M.",
      title          = "{Gluon-induced W-boson pair production at the LHC}",
      journal        = "JHEP",
      volume         = "0612",
      pages          = "046",
      doi            = "10.1088/1126-6708/2006/12/046",
      year           = "2006",
      eprint         = "hep-ph/0611170",
      archivePrefix  = "arXiv",
      primaryClass   = "hep-ph",
      reportNumber   = "EDINBURGH-2006-23, PITHA-06-12, PSI-PR-06-13",
      SLACcitation   = "%%CITATION = HEP-PH/0611170;%%",
}






@article{Aad:2015uqa,
      author         = {{ATLAS Collaboration}},
      title          = "{Evidence of $W\gamma\gamma$ Production in $pp$ Collisions at
                        $\sqrt{s}=8$~TeV and Limits on Anomalous Quartic Gauge
                        Couplings with the ATLAS Detector}",
      collaboration  = "ATLAS",
      journal        = "Phys. Rev. Lett.",
      volume         = "115",
      year           = "2015",
      number         = "3",
      pages          = "031802",
      doi            = "10.1103/PhysRevLett.115.031802",
      eprint         = "1503.03243",
      archivePrefix  = "arXiv",
      primaryClass   = "hep-ex",
      reportNumber   = "CERN-PH-EP-2015-009",
      SLACcitation   = "%%CITATION = ARXIV:1503.03243;%%"
}





@techreport{Auerbach:1631102,
      author        = {{ATLAS Collaboration}},
      title         = "{Measurement of the $Z\gamma$ and $Z\gamma\gamma$
                       Production Cross Section in $pp$ Collisions at $\sqrt{s}$ =
                       8 TeV with the ATLAS Detector at the LHC}",
      institution   = "CERN",
      address       = "Geneva",
      number        = "ATL-COM-PHYS-2013-1573",
      month         = "Nov",
      year          = "2013",
      reportNumber  = "ATL-COM-PHYS-2013-1573",
      url           = "https://cds.cern.ch/record/1631102",
}


@techreport{CMS-PAS-SMP-13-009,
      author = {{CMS Collaboration}},
      title         = "{A Search for $WW\gamma$ and $WZ\gamma$ production in pp
                       Collisions at $\sqrt{s} = 8$ TeV}",
      institution   = "CERN",
      collaboration = "CMS Collaboration",
      address       = "Geneva",
      number        = "CMS-PAS-SMP-13-009",
      year          = "2013",
      reportNumber  = "CMS-PAS-SMP-13-009",
      url           = "https://cds.cern.ch/record/1563302",
}

@article{Aad:2014wra,
      author        = {{ATLAS Collaboration}},
      title          = "{Measurements of Four-Lepton Production at the Z
                        Resonance in pp Collisions at $\sqrt s=$7 and 8 TeV with
                        ATLAS}",
      collaboration  = "ATLAS",
      journal        = "Phys.Rev.Lett.",
      number         = "23",
      volume         = "112",
      pages          = "231806",
      doi            = "10.1103/PhysRevLett.112.231806",
      year           = "2014",
      eprint         = "1403.5657",
      archivePrefix  = "arXiv",
      primaryClass   = "hep-ex",
      reportNumber   = "CERN-PH-EP-2014-047",
      SLACcitation   = "%%CITATION = ARXIV:1403.5657;%%",
}



@article{Aad:2013izg,
      author        = {{ATLAS Collaboration}},
      title          = "{Measurements of Wγ and Zγ production in pp collisions
                        at $\sqrt{s}$=7  TeV with the ATLAS detector at the
                        LHC}",
      collaboration  = "ATLAS",
      journal        = "Phys.Rev.",
      number         = "11",
      volume         = "D87",
      pages          = "112003",
      doi            = "10.1103/PhysRevD.87.112003",
      year           = "2013",
      eprint         = "1302.1283",
      archivePrefix  = "arXiv",
      primaryClass   = "hep-ex",
      reportNumber   = "CERN-PH-EP-2012-345",
      SLACcitation   = "%%CITATION = ARXIV:1302.1283;%%",
}




@article{Binoth:2008kt,
      author         = "Binoth, T. and Ossola, G. and Papadopoulos, C.G. and
                        Pittau, R.",
      title          = "{NLO QCD corrections to tri-boson production}",
      journal        = "JHEP",
      volume         = "0806",
      pages          = "082",
      doi            = "10.1088/1126-6708/2008/06/082",
      year           = "2008",
      eprint         = "0804.0350",
      archivePrefix  = "arXiv",
      primaryClass   = "hep-ph",
      SLACcitation   = "%%CITATION = ARXIV:0804.0350;%%",
}
@article{Campanario:2008yg,
      author         = "Campanario, F. and Hankele, V. and Oleari, C. and
                        Prestel, S. and Zeppenfeld, D.",
      title          = "{QCD corrections to charged triple vector boson
                        production with leptonic decay}",
      journal        = "Phys.Rev.",
      volume         = "D78",
      pages          = "094012",
      doi            = "10.1103/PhysRevD.78.094012",
      year           = "2008",
      eprint         = "0809.0790",
      archivePrefix  = "arXiv",
      primaryClass   = "hep-ph",
      reportNumber   = "KA-TP-19-2008, FT-VV-08-0309",
      SLACcitation   = "%%CITATION = ARXIV:0809.0790;%%",
}
@article{Arnold:2011wj,
      author         = "Arnold, K. and Bellm, J. and Bozzi, G. and Brieg, M. and
                        Campanario, F. and others",
      title          = "{VBFNLO: A Parton Level Monte Carlo for Processes with
                        Electroweak Bosons -- Manual for Version 2.5.0}",
      year           = "2011",
      eprint         = "1107.4038",
      archivePrefix  = "arXiv",
      primaryClass   = "hep-ph",
      reportNumber   = "KA-TP-15-2011, FTUV-11-0730, WUB-11-06,
                        FR-PHENO-2011-012, MZ-TH-11-19, CERN-PH-TH-2011-1,
                        LPN11-40, DESY-11-125, TTK-10-51, --MZ-TH-11-19,
                        CERN-PH-TH-2011-173,  --MAN-HEP-2014-02",
      SLACcitation   = "%%CITATION = ARXIV:1107.4038;%%",
}


@article{Aaltonen:2010jj,
author         = "Aaltonen, T. and others",
title          = "{Search for a New Heavy Gauge Boson $W^\prime$ with Electron + missing ET Event Signature in $p \bar{p}$ collisions at $\sqrt{s} = 1.96$ TeV}",
collaboration  = "CDF",
journal        = "Phys. Rev.",
volume         = "D83",
year           = "2011",
pages          = "031102",
doi            = "10.1103/PhysRevD.83.031102",
eprint         = "1012.5145",
archivePrefix  = "arXiv",
primaryClass   = "hep-ex",
reportNumber   = "FERMILAB-PUB-10-536-E",
SLACcitation   = "%%CITATION = ARXIV:1012.5145;%%"
}

@article{Chatrchyan:2012meb,
author         = "Chatrchyan, Serguei and others",
title          = "{Search for leptonic decays of $W$ ' bosons in $pp$ collisions at $\sqrt{s}=7$ TeV}",
collaboration  = "CMS",
journal        = "JHEP",
volume         = "08",
year           = "2012",
pages          = "023",
doi            = "10.1007/JHEP08(2012)023",
eprint         = "1204.4764",
archivePrefix  = "arXiv",
primaryClass   = "hep-ex",
reportNumber   = "CMS-EXO-11-024, CERN-PH-EP-2012-103",
SLACcitation   = "%%CITATION = ARXIV:1204.4764;%%"
}



@article{Chatrchyan:2013lga,
author         = "Chatrchyan, Serguei and others",
title          = "{Search for new physics in final states with a lepton and missing transverse energy in pp collisions at the LHC}",
collaboration  = "CMS",
journal        = "Phys.Rev.",
number         = "7",
volume         = "D87",
pages          = "072005",
doi            = "10.1103/PhysRevD.87.072005",
year           = "2013",
eprint         = "1302.2812",
archivePrefix  = "arXiv",
primaryClass   = "hep-ex",
reportNumber   = "CMS-EXO-12-010, CERN-PH-EP-2013-010",
SLACcitation   = "%%CITATION = ARXIV:1302.2812;%%",
}




@article{Aad:2011fe,
author        = {{ATLAS Collaboration}},
title          = "{Search for high-mass states with one lepton plus missing transverse momentum in proton-proton collisions at $\sqrt{s} = 7$ TeV with the ATLAS detector}",
collaboration  = "ATLAS",
journal        = "Phys. Lett.",
volume         = "B701",
year           = "2011",
pages          = "50-69",
doi            = "10.1016/j.physletb.2011.05.043",
eprint         = "1103.1391",
archivePrefix  = "arXiv",
primaryClass   = "hep-ex",
reportNumber   = "SLAC-PUB-15072",
SLACcitation   = "%%CITATION = ARXIV:1103.1391;%%"
}

@article{Aad:2011yg,
author        = {{ATLAS Collaboration}},
title          = "{Search for a heavy gauge boson decaying to a charged lepton and a neutrino in 1 fb-1 of $pp$ collisions at $\sqrt{s}=7$ TeV using the ATLAS detector}",
collaboration  = "ATLAS",
journal        = "Phys. Lett.",
volume         = "B705",
year           = "2011",
pages          = "28-46",
doi            = "10.1016/j.physletb.2011.09.093",
eprint         = "1108.1316",
archivePrefix  = "arXiv",
primaryClass   = "hep-ex",
reportNumber   = "CERN-PH-EP-2011-121",
SLACcitation   = "%%CITATION = ARXIV:1108.1316;%%"
}


@article{Aad:2012dm,
author        = {{ATLAS Collaboration}},
title          = "{ATLAS search for a heavy gauge boson decaying to a charged lepton and a neutrino in $pp$ collisions at $\sqrt{s}=7$ TeV}",
collaboration  = "ATLAS",
journal        = "Eur. Phys. J.",
volume         = "C72",
year           = "2012",
pages          = "2241",
doi            = "10.1140/epjc/s10052-012-2241-5",
eprint         = "1209.4446",
archivePrefix  = "arXiv",
primaryClass   = "hep-ex",
reportNumber   = "CERN-PH-EP-2012-245",
SLACcitation   = "%%CITATION = ARXIV:1209.4446;%%"
}

